"Check Number","Transaction Type","Transaction Date","Category","Description","Amount","Running Balance"
"","POS Purchase","01/03/2013","","AFFORDABLE STORAGE     518-581-9123 NYUS","-40.00","12342.05"
"","Deposit","01/07/2013","","","1040.00","13382.05"
"1127","Check","01/28/2013","","","-35.95","13346.10"
"","Debit Card Fee","01/31/2013","","","-1.00","13345.10"
"","POS Purchase","02/01/2013","","ADK SPORTS             5188778788   NYUS","-220.00","13125.10"
"1128","Check","02/05/2013","","","-1000.00","12125.10"
"","POS Purchase","02/05/2013","","AFFORDABLE STORAGE     518-581-9123 NYUS","-40.00","12085.10"
"","Deposit","02/20/2013","","","2220.00","14305.10"
"1129","Check","02/20/2013","","","-250.00","14055.10"
"1131","Check","02/25/2013","","","-291.47","13763.63"
"1130","Check","02/25/2013","","","-472.00","13291.63"
"","Debit Card Fee","02/28/2013","","","-1.00","13290.63"
"","POS Purchase","03/04/2013","","AFFORDABLE STORAGE     518-581-9123 NYUS","-48.00","13242.63"
"","Direct Deposit","03/07/2013","","PIONEER REGISTRA  #PRS","205.00","13447.63"
"","Direct Deposit","03/11/2013","","Square Inc  130311M2","588.33","14035.96"
"","Deposit","03/18/2013","","","882.00","14917.96"
"1132","Check","03/20/2013","","","-2315.01","12602.95"
"1133","Check","03/25/2013","","","-317.36","12285.59"
"","Debit Card Fee","03/29/2013","","","-1.00","12284.59"
"","Direct Deposit","04/02/2013","","PIONEER REGISTRA  #PRS","305.00","12589.59"
"","POS Purchase","04/12/2013","","AFFORDABLE STORAGE     518-581-9123 NYUS","-58.00","12531.59"
"","POS Purchase","04/15/2013","","VERTICALRESPONSE INC   415-905-6880 CAUS","-15.00","12516.59"
"1134","Check","04/22/2013","","","-145.95","12370.64"
"1136","Check","04/24/2013","","","-118.75","12251.89"
"1135","Check","04/29/2013","","","-37.04","12214.85"
"1137","Check","04/29/2013","","","-177.83","12037.02"
"","Debit Card Fee","04/30/2013","","","-1.00","12036.02"
"","Deposit","05/02/2013","","","560.00","12596.02"
"","POS Purchase","05/02/2013","","AFFORDABLE STORAGE     518-581-9123 NYUS","-48.00","12548.02"
"","POS Purchase","05/06/2013","","USPS PO BOXES 66101510 800-3447779  DCUS","-78.00","12470.02"
"","POS Purchase","05/06/2013","","VERTICALRESPONSE INC   415-905-6880 CAUS","-26.00","12444.02"
"","Direct Deposit","05/07/2013","","PIONEER REGISTRA  #PRS","1090.00","13534.02"
"1138","Check","05/08/2013","","","-25.00","13509.02"
"","POS Purchase","05/15/2013","","IMBA - ON LINE         888-955-5455 COUS","-100.00","13409.02"
"","Deposit","05/24/2013","","","2620.00","16029.02"
"1139","Check","05/28/2013","","","-245.90","15783.12"
"","POS Purchase","05/30/2013","","VERTICALRESPONSE INC   415-905-6880 CAUS","-15.00","15768.12"
"","Debit Card Fee","05/31/2013","","","-1.00","15767.12"
"","Direct Deposit","06/04/2013","","PIONEER REGISTRA  #PRS","815.00","16582.12"
"","POS Purchase","06/04/2013","","AFFORDABLE STORAGE     518-581-9123 NYUS","-48.00","16534.12"
"","Direct Deposit","06/10/2013","","Square Inc  130610B2","101.32","16635.44"
"","POS Purchase","06/10/2013","","HANNAFORD #8391        SARATOGA SPRINYUS","-83.73","16551.71"
"","POS Purchase","06/10/2013","","WAL-MART #2056         SARATOGA SPRINYUS","-192.11","16359.60"
"","POS Purchase","06/10/2013","","WAL-MART #2056         SARATOGA SPRINYUS","-12.78","16346.82"
"","POS Purchase","06/12/2013","","VERTICALRESPONSE INC   415-905-6880 CAUS","-7.50","16339.32"
"1140","Check","06/19/2013","","","-132.57","16206.75"
"","Deposit","06/24/2013","","","829.00","17035.75"
"1141","Check","06/24/2013","","","-68.59","16967.16"
"","Debit Card Fee","06/28/2013","","","-1.00","16966.16"
"","Direct Deposit","07/02/2013","","PIONEER REGISTRA  #PRS","585.00","17551.16"
"","POS Purchase","07/02/2013","","AFFORDABLE STORAGE     518-581-9123 NYUS","-48.00","17503.16"
"1143","Check","07/03/2013","","","-35.15","17468.01"
"1144","Check","07/03/2013","","","-138.34","17329.67"
"","Deposit","07/10/2013","","","2080.00","19409.67"
"","POS Purchase","07/30/2013","","VERTICALRESPONSE INC   415-905-6880 CAUS","-60.00","19349.67"
"","Debit Card Fee","07/31/2013","","","-1.00","19348.67"
"","POS Purchase","08/02/2013","","AFFORDABLE STORAGE     518-581-9123 NYUS","-48.00","19300.67"
"","Direct Deposit","08/06/2013","","PIONEER REGISTRA  #PRS","275.00","19575.67"
"","Debit Card Fee","08/30/2013","","","-1.00","19574.67"
"","POS Purchase","09/04/2013","","AFFORDABLE STORAGE     518-581-9123 NYUS","-48.00","19526.67"
"1145","Check","09/10/2013","","","-99.83","19426.84"
"","Debit Card Fee","09/30/2013","","","-1.00","19425.84"
"1148","Check","10/07/2013","","","-150.41","19275.43"
"","POS Purchase","10/07/2013","","AFFORDABLE STORAGE     WILTON       NYUS","-48.00","19227.43"
"","Direct Deposit","10/08/2013","","PIONEER REGISTRA  #PRS","120.00","19347.43"
"1147","Check","10/16/2013","","","-37.04","19310.39"
"1149","Check","10/17/2013","","","-2315.01","16995.38"
"1150","Check","10/22/2013","","","-52.59","16942.79"
"1151","Check","10/24/2013","","","-682.29","16260.50"
"","Debit Card Fee","10/31/2013","","","-1.00","16259.50"
"1146","Check","11/04/2013","","","-103.34","16156.16"
"","POS Purchase","11/04/2013","","AFFORDABLE STORAGE     WILTON       NYUS","-48.00","16108.16"
"1152","Check","11/06/2013","","","-158.37","15949.79"
"1154","Check","11/12/2013","","","-31.10","15918.69"
"","POS Purchase","11/13/2013","","THE MILL               ROUND LAKE   NYUS","-54.29","15864.40"
"","POS Purchase","11/18/2013","","EXXONMOBIL    99271462 SARATOGA SPRINYUS","-4.46","15859.94"
"","POS Purchase","11/18/2013","","WAL-MART #2056         SARATOGA SPRINYUS","-7.92","15852.02"
"","POS Purchase","11/18/2013","","DUNKIN #340504     Q35 SARATOGA     NYUS","-22.66","15829.36"
"1155","Check","11/20/2013","","","-71.60","15757.76"
"","Debit Card Fee","11/29/2013","","","-1.00","15756.76"
"1156","Check","12/02/2013","","","-25.00","15731.76"
"1157","Check","12/02/2013","","","-750.00","14981.76"
"","POS Purchase","12/03/2013","","AFFORDABLE STORAGE     WILTON       NYUS","-48.00","14933.76"
"","Deposit","12/23/2013","","","800.00","15733.76"
"","Debit Card Fee","12/31/2013","","","-1.00","15732.76"
"","POS Purchase","01/03/2014","","AFFORDABLE STORAGE     WILTON       NYUS","-48.00","15684.76"
"","Debit Card Fee","01/31/2014","","","-1.00","15683.76"
"","POS Purchase","02/04/2014","","AFFORDABLE STORAGE     WILTON       NYUS","-48.00","15635.76"
"","Deposit","02/05/2014","","","2322.86","17958.62"
"1158","Check","02/07/2014","","","-270.00","17688.62"
"","POS Purchase","02/11/2014","","VERTICALRESPONSE INC   415-905-6880 CAUS","-36.00","17652.62"
"1159","Check","02/28/2014","","","-1000.00","16652.62"
"","Debit Card Fee","02/28/2014","","","-1.00","16651.62"
"","POS Purchase","03/04/2014","","AFFORDABLE STORAGE     WILTON       NYUS","-48.00","16603.62"
"","Direct Deposit","03/10/2014","","Square Inc  140310B2","370.16","16973.78"
"1160","Check","03/10/2014","","","-391.40","16582.38"
"","POS Purchase","03/10/2014","","CVS PHARMACY #3379     WILTON       NYUS","-12.17","16570.21"
"","POS Purchase","03/10/2014","","FEDEXOFFICE   00006346 SARATOGA SPRINYUS","-51.36","16518.85"
"1161","Check","03/11/2014","","","-930.00","15588.85"
"","Debit Card Fee","03/31/2014","","","-1.00","15587.85"
"1162","Check","04/03/2014","","","-264.94","15322.91"
"","POS Purchase","04/03/2014","","AFFORDABLE STORAGE     WILTON       NYUS","-48.00","15274.91"
"","POS Purchase","04/07/2014","","PANERA BREAD #3546     FRANKLIN     MAUS","-14.31","15260.60"
"","POS Purchase","04/07/2014","","RAIZADA MART           SCHENECTADY  NYUS","-40.57","15220.03"
"","POS Purchase","04/07/2014","","BRITISH BEER COMPA     HYANNIS      MAUS","-35.27","15184.76"
"","POS Purchase","04/07/2014","","RESORT AND CONFERENCE CHYANNIS      MAUS","-110.58","15074.18"
"","Direct Deposit","04/08/2014","","PIONEER REGISTRA  #PRS","955.00","16029.18"
"","POS Purchase","04/08/2014","","NORTH STREET AUTO REPAIHYANNIS      MAUS","-42.49","15986.69"
"","POS Purchase","04/08/2014","","EXXONMOBIL    97344014 SCOTIA       NYUS","-7.50","15979.19"
"1163","Check","04/10/2014","","","-25.00","15954.19"
"","POS Purchase","04/16/2014","","USPS PO BOXES 66101510 800-3447779  DCUS","-80.00","15874.19"
"","POS Purchase","04/23/2014","","LOWES #00560*          SARATOGA SPRINYUS","-204.10","15670.09"
"","Debit Card Fee","04/30/2014","","","-1.00","15669.09"
"1168","Check","05/02/2014","","","-164.09","15505.00"
"1169","Check","05/05/2014","","","-870.00","14635.00"
"","POS Purchase","05/05/2014","","AFFORDABLE STORAGE     WILTON       NYUS","-48.00","14587.00"
"","Direct Deposit","05/06/2014","","PIONEER REGISTRA  #PRS","1285.00","15872.00"
"1171","Check","05/09/2014","","","-34.24","15837.76"
"1170","Check","05/13/2014","","","-100.00","15737.76"
"1167","Check","05/13/2014","","","-160.00","15577.76"
"1165","Check","05/19/2014","","","-13.10","15564.66"
"1164","Check","05/19/2014","","","-13.27","15551.39"
"1166","Check","05/19/2014","","","-50.00","15501.39"
"1172","Check","05/23/2014","","","-57.25","15444.14"
"","Debit Card Fee","05/30/2014","","","-1.00","15443.14"
"","Direct Deposit","06/03/2014","","PIONEER REGISTRA  #PRS","1025.00","16468.14"
"1174","Check","06/03/2014","","","-29.95","16438.19"
"","POS Purchase","06/03/2014","","AFFORDABLE STORAGE     WILTON       NYUS","-48.00","16390.19"
"1173","Check","06/04/2014","","","-22.81","16367.38"
"","Debit Card Fee","06/30/2014","","","-1.00","16366.38"
"1175","Check","07/01/2014","","","-150.64","16215.74"
"","POS Purchase","07/03/2014","","AFFORDABLE STORAGE     WILTON       NYUS","-48.00","16167.74"
"","Direct Deposit","07/08/2014","","PIONEER REGISTRA  #PRS","495.00","16662.74"
"1177","Check","07/18/2014","","","-149.89","16512.85"
"1178","Check","07/30/2014","","","-60.00","16452.85"
"","Debit Card Fee","07/31/2014","","","-1.00","16451.85"
"","POS Purchase","08/04/2014","","AFFORDABLE STORAGE     WILTON       NYUS","-48.00","16403.85"
"1180","Check","08/18/2014","","","-32.00","16371.85"
"","Electronic Debit","08/19/2014","","DELUXE CHECK  CHECK/ACC.","-14.40","16357.45"
"","POS Purchase","08/25/2014","","STEWARTS SHOP 444      SARATOGA SPRINYUS","-16.40","16341.05"
"","POS Purchase","08/25/2014","","DUNKIN #340504     Q35 SARATOGA SPRINYUS","-29.94","16311.11"
"","Debit Card Fee","08/29/2014","","","-1.00","16310.11"
"","Direct Deposit","09/03/2014","","PIONEER REGISTRA  #PRS","308.00","16618.11"
"","POS Purchase","09/03/2014","","AFFORDABLE STORAGE     WILTON       NYUS","-48.00","16570.11"
"","POS Purchase","09/03/2014","","LOWES #00560*          SARATOGA SPRINYUS","-347.68","16222.43"
"","POS Purchase","09/11/2014","","ROGUE HOE              417-962-5091 MOUS","-110.49","16111.94"
"","POS Purchase","09/15/2014","","HANNAFORD #8301        BENNINGTON   VTUS","-107.17","16004.77"
"","POS Purchase","09/15/2014","","GULF OIL 91765205      HOOSICK FALLSNYUS","-17.41","15987.36"
"","POS Purchase","09/16/2014","","GULF OIL 91765205      HOOSICK FALLSNYUS","-15.43","15971.93"
"1179","Check","09/23/2014","","","-165.44","15806.49"
"1176","Check","09/24/2014","","","-25.00","15781.49"
"","Debit Card Fee","09/30/2014","","","-1.00","15780.49"
"","POS Purchase","10/03/2014","","AFFORDABLE STORAGE     WILTON       NYUS","-48.00","15732.49"
"","Direct Deposit","10/07/2014","","PIONEER REGISTRA  #PRS","75.00","15807.49"
"","POS Purchase","10/22/2014","","IN *EMPIRE STATE FOREST518-4631297  NYUS","-300.00","15507.49"
"1242","Check","10/29/2014","","","-88.89","15418.60"
"1241","Check","10/29/2014","","","-152.21","15266.39"
"","POS Purchase","10/31/2014","","DOLLAR GENERAL #13920  HOOSICK FALLSNYUS","-32.62","15233.77"
"","POS Purchase","10/31/2014","","TRACTOR SUPPLY CO #1543TROY         NYUS","-72.71","15161.06"
"","Debit Card Fee","10/31/2014","","","-1.00","15160.06"
"","POS Purchase","11/04/2014","","AFFORDABLE STORAGE     WILTON       NYUS","-48.00","15112.06"
"","POS Purchase Non-PIN","11/14/2014","","POS Purchase Non-PIN THE MILL ROUND      LAKE NY 0000001048532 *****0357 11/12    20:44                                   ","-40.03","15072.03"
"1245","Check","11/18/2014","","Check                                   ","-111.95","14960.08"
"","Debit Card Fee","11/28/2014","","Debit Card Fee                          ","-1.00","14959.08"
"","POS Purchase Non-PIN","12/03/2014","","POS Purchase Non-PIN AFFORDABLE STORAGE  WILTON NY 0000007980723 *****0357 12/01  03:43                                   ","-48.00","14911.08"
"1248","Check","12/08/2014","","Check                                   ","-164.00","14747.08"
"1243","Check","12/09/2014","","Check                                   ","-55.02","14692.06"
"1247","Check","12/09/2014","","Check                                   ","-35.82","14656.24"
"1244","Check","12/15/2014","","Check                                   ","-52.94","14603.30"
"1246","Check","12/15/2014","","Check                                   ","-132.57","14470.73"
"","Deposit","12/22/2014","","Deposit                                 ","310.00","14780.73"
"","Debit Card Fee","12/31/2014","","Debit Card Fee                          ","-1.00","14779.73"
"","POS Purchase Non-PIN","01/05/2015","","POS Purchase Non-PIN AFFORDABLE STORAGE  WILTON NY 0000005477565 *****0357 01/01  03:54                                   ","-48.00","14731.73"
"","Debit Card Fee","01/30/2015","","Debit Card Fee                          ","-1.00","14730.73"
"","POS Purchase Non-PIN","02/03/2015","","POS Purchase Non-PIN AFFORDABLE STORAGE  WILTON NY *****0357 02/01 04:27         ","-48.00","14682.73"
"1249","Check","02/04/2015","","Check                                   ","-122.00","14560.73"
"","Debit Card Fee","02/27/2015","","Debit Card Fee                          ","-1.00","14559.73"
"1250","Check","03/02/2015","","Check                                   ","-320.00","14239.73"
"","ACH Credit","03/03/2015","","PIONEER REGISTRA/#PRS 27162-57806 2015   SMBA MEMBERSHIPS ADIRONDACK TRUST COM   ","455.00","14694.73"
"","POS Purchase Non-PIN","03/03/2015","","POS Purchase Non-PIN AFFORDABLE STORAGE  WILTON NY *****0357 03/01 04:53         ","-48.00","14646.73"
"","ACH Credit","03/09/2015","","Square Inc/150309N2 Saratoga Mountain    Bike                                    ","111.83","14758.56"
"","POS Purchase Non-PIN","03/09/2015","","POS Purchase Non-PIN CVS/PHARMACY        #03379 WILTON NY *****0357 03/06 16:23  ","-20.42","14738.14"
"1253","Check","03/10/2015","","Check                                   ","-930.00","13808.14"
"1252","Check","03/16/2015","","Check                                   ","-50.00","13758.14"
"1251","Check","03/23/2015","","Check                                   ","-289.90","13468.24"
"1254","Check","03/24/2015","","Check                                   ","-41.57","13426.67"
"1255","Check","03/24/2015","","Check                                   ","-49.62","13377.05"
"","Debit Card Fee","03/31/2015","","Debit Card Fee                          ","-1.00","13376.05"
"","POS Purchase Non-PIN","04/03/2015","","POS Purchase Non-PIN AFFORDABLE STORAGE  WILTON NY *****0357 04/01 05:07         ","-48.00","13328.05"
"","ACH Credit","04/07/2015","","PIONEER REGISTRA/#PRS 27162-58663 2015   SMBA MEMBERSHIPS ADIRONDACK TRUST COM   ","460.00","13788.05"
"1257","Check","04/20/2015","","Check                                   ","-36.76","13751.29"
"","Debit Card Fee","04/30/2015","","Debit Card Fee                          ","-1.00","13750.29"
"","ACH Credit","05/04/2015","","Square Inc/150504N2 Saratoga Mountain    Bike                                    ","29.17","13779.46"
"","POS Purchase Non-PIN","05/04/2015","","POS Purchase Non-PIN AFFORDABLE STORAGE  WILTON NY *****0357 05/01 05:27         ","-48.00","13731.46"
"","ACH Credit","05/05/2015","","PIONEER REGISTRA/#PRS 27162-59562 2015   SMBA MEMBERSHIPS ADIRONDACK TRUST COM   ","1535.00","15266.46"
"1261","Check","05/05/2015","","Check                                   ","-18.32","15248.14"
"1259","Check","05/05/2015","","Check                                   ","-31.46","15216.68"
"1260","Check","05/05/2015","","Check                                   ","-35.27","15181.41"
"1258","Check","05/05/2015","","Check                                   ","-79.18","15102.23"
"1256","Check","05/15/2015","","Check                                   ","-25.00","15077.23"
"1263","Check","05/20/2015","","Check                                   ","-101.00","14976.23"
"1262","Check","05/21/2015","","Check                                   ","-154.00","14822.23"
"","Debit Card Fee","05/29/2015","","Debit Card Fee                          ","-1.00","14821.23"
"","ACH Credit","06/02/2015","","PIONEER REGISTRA/#PRS 27162-60424 2015   SMBA MEMBERSHIPS ADIRONDACK TRUST COM   ","450.00","15271.23"
"1265","Check","06/09/2015","","Check                                   ","-128.40","15142.83"
"1266","Check","06/09/2015","","Check                                   ","-182.68","14960.15"
"1264","Check","06/16/2015","","Check                                   ","-222.93","14737.22"
"","Debit Card Fee","06/30/2015","","Debit Card Fee                          ","-1.00","14736.22"
"","ACH Credit","07/07/2015","","PIONEER REGISTRA/#PRS 27162-61391 2015   SMBA MEMBERSHIPS ADIRONDACK TRUST COM   ","605.00","15341.22"
"1267","Check","07/14/2015","","Check                                   ","-247.15","15094.07"
"","ACH Debit","07/16/2015","","PACHNER & ASSOCI/PREAUTHPMT SARATOGA     MOUNTAIN BIKE                           ","-1416.00","13678.07"
"1268","Check","07/17/2015","","Check                                   ","-188.69","13489.38"
"","Debit Card Fee","07/31/2015","","Debit Card Fee                          ","-1.00","13488.38"
"","ACH Credit","08/04/2015","","PIONEER REGISTRA/#PRS 27162-62200 2015   SMBA MEMBERSHIPS ADIRONDACK TRUST COM   ","500.00","13988.38"
"1270","Check","08/04/2015","","Check                                   ","-158.90","13829.48"
"1271","Check","08/18/2015","","Check                                   ","-69.84","13759.64"
"1272","Check","08/19/2015","","Check                                   ","-126.71","13632.93"
"1273","Check","08/31/2015","","Check                                   ","-63.19","13569.74"
"","Debit Card Fee","08/31/2015","","Debit Card Fee                          ","-1.00","13568.74"
"","ACH Credit","09/09/2015","","PIONEER REGISTRA/#PRS 27162-63278 2015   SMBA MEMBERSHIPS ADIRONDACK TRUST COM   ","190.00","13758.74"
"","Debit Card Fee","09/30/2015","","Debit Card Fee                          ","-1.00","13757.74"
"","ACH Credit","10/06/2015","","PIONEER REGISTRA/#PRS 27162-64117 2015   SMBA MEMBERSHIPS ADIRONDACK TRUST COM   ","35.00","13792.74"
"1274","Check","10/07/2015","","Check                                   ","-124.19","13668.55"
"","Deposit","10/09/2015","","Deposit                                 ","2575.00","16243.55"
"1275","Check","10/14/2015","","Check                                   ","-20.33","16223.22"
"","Debit Card Fee","10/30/2015","","Debit Card Fee                          ","-1.00","16222.22"
"","POS Purchase Non-PIN","11/16/2015","","POS Purchase Non-PIN THE MILL ROUND      LAKE NY *****0357 11/14 17:16           ","-184.15","16038.07"
"","POS Purchase Non-PIN","11/20/2015","","POS Purchase Non-PIN ROGUE HOE           DISTRIBUTING 417-962-5091 MO *****0357   11/19 07:29                             ","-145.40","15892.67"
"","Debit Card Fee","11/30/2015","","Debit Card Fee                          ","-1.00","15891.67"
"1277","Check","12/01/2015","","Check                                   ","-85.00","15806.67"
"1276","Check","12/02/2015","","Check                                   ","-183.86","15622.81"
"","Debit Card Fee","12/31/2015","","Debit Card Fee                          ","-1.00","15621.81"
"","POS Purchase Non-PIN","01/07/2016","","POS Purchase Non-PIN DNH*GODADDY.COM     480-5058855 AZ *****0357 01/05 20:34    ","-10.89","15610.92"
"1279","Check","01/29/2016","","Check                                   ","-360.00","15250.92"
"","Debit Card Fee","01/29/2016","","Debit Card Fee                          ","-1.00","15249.92"
"","Debit Card Fee","02/29/2016","","Debit Card Fee                          ","-1.00","15248.92"
"1281","Check","03/04/2016","","Check                                   ","-992.00","14256.92"
"","ACH Credit","03/07/2016","","Square Inc/160307P2 Saratoga Mountain    Bike                                    ","88.49","14345.41"
"1280","Check","03/16/2016","","Check                                   ","-75.00","14270.41"
"","Deposit","03/23/2016","","Deposit                                 ","75.00","14345.41"
"","Debit Card Fee","03/31/2016","","Debit Card Fee                          ","-1.00","14344.41"
"","ACH Credit","04/05/2016","","PIONEER REGISTRA/BIKEREG 30728-67591     2016 SMBA MEMBERSHIPS ADIRONDACK TRUST   COM                                     ","1340.00","15684.41"
"","ATM Withdrawal","04/11/2016","","ATM Withdrawal ADIRONDACK TR ROUTE 9 &   50M SARATOGA SPGS NY 00000IC177350      ","-120.00","15564.41"
"","POS Purchase With PIN","04/11/2016","","POS Purchase With PIN PRICE CHOPPER #3   TROY NY *****0357 04/10 13:16           ","-24.49","15539.92"
"","POS Purchase Non-PIN","04/15/2016","","POS Purchase Non-PIN HOMEDEPOT.COM       800-430-3376 GA *****0357 04/13 19:23   ","-37.77","15502.15"
"1283","Check","04/22/2016","","Check                                   ","-203.71","15298.44"
"","Deposit","04/25/2016","","Deposit                                 ","80.00","15378.44"
"1285","Check","04/28/2016","","Check                                   ","-189.25","15189.19"
"1284","Check","04/29/2016","","Check                                   ","-127.12","15062.07"
"","ACH Credit","05/03/2016","","PIONEER REGISTRA/BIKEREG 30728-68526     2016 SMBA MEMBERSHIPS ADIRONDACK TRUST   COM                                     ","1315.00","16377.07"
"","Deposit","05/17/2016","","Deposit                                 ","75.00","16452.07"
"1286","Check","05/24/2016","","Check                                   ","-139.50","16312.57"
"","POS Purchase Non-PIN","05/25/2016","","POS Purchase Non-PIN SQ *SQUARE          HARDWARE gosq.com CA *****0357 05/24     19:59                                   ","-31.32","16281.25"
"1288","Check","05/31/2016","","Check                                   ","-1450.00","14831.25"
"","ACH Debit","06/03/2016","","PACHNER & ASSOCI/PREAUTHPMT SARATOGA     MOUNTAIN BIKE                           ","-1499.00","13332.25"
"","POS Purchase Non-PIN","06/07/2016","","POS Purchase Non-PIN AMAZON.COM SEATTLE  WA *****0357 06/06 18:20                ","-118.79","13213.46"
"","ACH Credit","06/08/2016","","PIONEER REGISTRA/BIKEREG 30728-69705     2016 SMBA MEMBERSHIPS ADIRONDACK TRUST   COM                                     ","605.00","13818.46"
"","ACH Credit","06/13/2016","","Square Inc/160613P2 Saratoga Mountain    Bike                                    ","43.76","13862.22"
"1289","Check","06/17/2016","","Check                                   ","-70.44","13791.78"
"","Deposit","06/30/2016","","Deposit                                 ","771.00","14562.78"
"","ACH Credit","07/06/2016","","PIONEER REGISTRA/BIKEREG 30728-70544     2016 SMBA MEMBERSHIPS ADIRONDACK TRUST   COM                                     ","300.00","14862.78"
"1290","Check","08/02/2016","","Check                                   ","-19.10","14843.68"
"","Deposit","08/03/2016","","Deposit                                 ","342.80","15186.48"
"1291","Check","08/23/2016","","Check                                   ","-363.46","14823.02"
"","ACH Credit","09/07/2016","","PIONEER REGISTRA/BIKEREG 30728-72461     2016 SMBA MEMBERSHIPS ADIRONDACK TRUST   COM                                     ","195.00","15018.02"
"","Deposit","10/18/2016","","Deposit                                 ","75.00","15093.02"
"1292","Check","10/25/2016","","Check                                   ","-26.78","15066.24"
"1293","Check","11/02/2016","","Check                                   ","-26.78","15039.46"
"","ATM Withdrawal","11/07/2016","","ATM Withdrawal ADIRONDACK TR 322 RUHLE   RD BALLSTON LAKE NY 00000IC179650       ","-100.00","14939.46"
"","POS Purchase Non-PIN","11/07/2016","","POS Purchase Non-PIN DICK'S              CLOTHING&SPORTIN ALBANY NY *****0357     11/04 18:27                             ","-16.19","14923.27"
"","POS Purchase Non-PIN","11/07/2016","","POS Purchase Non-PIN OLIVERS BEVERAGE    ALBANY NY *****0357 11/04 18:42         ","-17.87","14905.40"
"","POS Purchase With PIN","11/07/2016","","POS Purchase With PIN PRICE CHOPPER #3   TROY NY *****0357 11/05 08:35           ","-41.52","14863.88"
"","ACH Credit","11/08/2016","","PIONEER REGISTRA/BIKEREG 30728-74299     2016 SMBA MEMBERSHIPS ADIRONDACK TRUST   COM                                     ","110.00","14973.88"
